@online{ubuntu,
  title = "Ubuntu Linux Operating System",
  url = "http://ubuntu.com",
  publisher = "Cannonical Ltd."
}
